<record><leader>00000cas a22000007a 4500</leader><controlfield tag="001">10332618</controlfield><controlfield tag="008">840124d18631865pauwr ne      0    0eng d</controlfield><datafield ind1=" " ind2=" " tag="010"><subfield code="a">sn 84026202 </subfield></datafield><datafield ind1=" " ind2=" " tag="040"><subfield code="a">NPU</subfield><subfield code="b">eng</subfield><subfield code="c">NPU</subfield><subfield code="d">OCL</subfield><subfield code="d">NPX</subfield><subfield code="d">NJW</subfield><subfield code="d">NPH</subfield><subfield code="d">MGN</subfield><subfield code="d">KRTAS</subfield><subfield code="d">OCLCQ</subfield></datafield><datafield ind1=" " ind2=" " tag="042"><subfield code="a">msc</subfield></datafield><datafield ind1="0" ind2="0" tag="245"><subfield code="a">Hospital register.</subfield></datafield><datafield ind1=" " ind2=" " tag="260"><subfield code="a">West Philadelphia [i.e. Philadelphia], Pa. :</subfield><subfield code="b">Satterlee U.S. Army General Hospital,</subfield><subfield code="c">1863-</subfield></datafield><datafield ind1=" " ind2=" " tag="300"><subfield code="a">v. :</subfield><subfield code="b">ill. ;</subfield><subfield code="c">40 cm.</subfield></datafield><datafield ind1=" " ind2=" " tag="310"><subfield code="a">Weekly</subfield></datafield><datafield ind1="0" ind2=" " tag="362"><subfield code="a">Vol. 2, no. 1 (Aug. 29, 1863)-</subfield></datafield><datafield ind1="1" ind2=" " tag="362"><subfield code="a">Ceased July 8, 1865. Cf. Rossell, G.E. Pa. newspapers.</subfield></datafield><datafield ind1=" " ind2=" " tag="500"><subfield code="a">Editor: M.B. Ladd, &lt;1865&gt;.</subfield></datafield><datafield ind1="2" ind2=" " tag="710"><subfield code="a">Satterlee U.S. Army General Hospital.</subfield></datafield><datafield ind1=" " ind2=" " tag="752"><subfield code="a">United States</subfield><subfield code="b">Pennsylvania</subfield><subfield code="c">Philadelphia</subfield><subfield code="d">Philadelphia.</subfield></datafield><datafield ind1=" " ind2=" " tag="752"><subfield code="a">United States</subfield><subfield code="b">Pennsylvania</subfield><subfield code="c">Philadelphia</subfield><subfield code="d">West Philadelphia.</subfield></datafield><datafield ind1="0" ind2="0" tag="780"><subfield code="t">West Philadelphia hospital register</subfield><subfield code="w">(DLC)sn 84026203</subfield><subfield code="w">(OCoLC)10332673</subfield></datafield><datafield ind1=" " ind2=" " tag="938"><subfield code="a">Kirtas Technologies, Inc.</subfield><subfield code="b">KRTS</subfield><subfield code="n">738081</subfield></datafield><datafield ind1="1" ind2=" " tag="029"><subfield code="a">AU@</subfield><subfield code="b">000025840854</subfield></datafield></record>